@article{CLEAR,
author = {Sanjit S. Jolly  and Marc-André d’Entremont  and Shun Fu Lee  and Rajibul Mian  and Jessica Tyrwhitt  and Sasko Kedev  and Gilles Montalescot  and Jan H. Cornel  and Goran Stanković  and Raul Moreno  and Robert F. Storey  and Timothy D. Henry  and Shamir R. Mehta  and Matthias Bossard  and Petr Kala  and Jamie Layland  and Biljana Zafirovska  and P.J. Devereaux  and John Eikelboom  and John A. Cairns  and Binita Shah  and Tej Sheth  and Sanjib K. Sharma  and Wadea Tarhuni  and David Conen  and Sarah Tawadros  and Shahar Lavi  and Salim Yusuf },
title = {Colchicine in Acute Myocardial Infarction},
journal = {New England Journal of Medicine},
volume = {0},
number = {0},
pages = {},
year = {},
doi = {10.1056/NEJMoa2405922},
URL = {https://www.nejm.org/doi/full/10.1056/NEJMoa2405922}
}

@article{RN33,
   author = {Tardif, J. C. and Kouz, S. and Waters, D. D. and Bertrand, O. F. and Diaz, R. and Maggioni, A. P. and Pinto, F. J. and Ibrahim, R. and Gamra, H. and Kiwan, G. S. and Berry, C. and Lopez-Sendon, J. and Ostadal, P. and Koenig, W. and Angoulvant, D. and Gregoire, J. C. and Lavoie, M. A. and Dube, M. P. and Rhainds, D. and Provencher, M. and Blondeau, L. and Orfanos, A. and L'Allier, P. L. and Guertin, M. C. and Roubille, F.},
   title = {Efficacy and Safety of Low-Dose Colchicine after Myocardial Infarction},
   journal = {N Engl J Med},
   year = {2019},
   volume = {381},
   number = {26},
   pages = {2497-2505}
}
 
@misc{date2024,
	title = {Understanding Conditional Probability and Bayes{\textquoteright} Theorem},
	author = {Date, Sachin},
	year = {2024},
	month = {07},
	date = {2024-07-18},
	url = {https://towardsdatascience.com/understanding-conditional-probability-and-bayes-theorem-b779f8801ef6},
	langid = {en}
}

@misc{RN7043,
   author = {Lou, Nicole},
   title = {Colchicine Goes Belly-Up in a More Definitive Heart Attack Trial},
   url = {https://www.medpagetoday.com/meetingcoverage/tct/112644?xid=nl_mpt_Cardiology_update_2024-11-01&mh=5ea0ef63b494fbd59d59b80f4d7177fa&zdee=gAAAAABm4utWmSHJnY-b0PoghpwIdJ2Z5bp7pHCJbHd4lnSWdd-TcQH64qhAqr5vStSuTwshVLoWZmIfruyxrtdHQaON6GGWin0MsBBlzSgmQd4CbqGcFWQ%3D&utm_source=Sailthru&utm_medium=email&utm_campaign=Automated%20Specialty%20Update%20Cardiology%20BiWeekly%20FRIDAY%202024-11-01&utm_term=NL_Spec_Cardiology_Update_Active},
   year = {2024},
   type = {Web Page}
}


@article{RN52,
   author = {Kelly, P. and Lemmens, R. and Weimar, C. and Walsh, C. and Purroy, F. and Barber, M. and Collins, R. and Cronin, S. and Czlonkowska, A. and Desfontaines, P. and De Pauw, A. and Evans, N. R. and Fischer, U. and Fonseca, C. and Forbes, J. and Hill, M. D. and Jatuzis, D. and Korv, J. and Kraft, P. and Kruuse, C. and Lynch, C. and McCabe, D. and Mikulik, R. and Murphy, S. and Nederkoorn, P. and O'Donnell, M. and Sandercock, P. and Schroeder, B. and Shim, G. and Tobin, K. and Williams, D. J. and Price, C.},
   title = {Long-term colchicine for the prevention of vascular recurrent events in non-cardioembolic stroke (CONVINCE): a randomised controlled trial},
   journal = {Lancet},
   volume = {404},
   pages = {125-133},
   year = {2024}
}

@article{RN53,
   author = {Li, J. and Meng, X. and Shi, F. D. and Jing, J. and Gu, H. Q. and Jin, A. and Jiang, Y. and Li, H. and Johnston, S. C. and Hankey, G. J. and Easton, J. D. and Chang, L. and Shi, P. and Wang, L. and Zhuang, X. and Li, H. and Zang, Y. and Zhang, J. and Sun, Z. and Liu, D. and Li, Y. and Yang, H. and Zhao, J. and Yu, W. and Wang, A. and Pan, Y. and Lin, J. and Xie, X. and Jin, W. N. and Li, S. and Niu, S. and Wang, Y. and Zhao, X. and Li, Z. and Liu, L. and Zheng, H. and Wang, Y. and Investigators, Chance-},
   title = {Colchicine in patients with acute ischaemic stroke or transient ischaemic attack (CHANCE-3): multicentre, double blind, randomised, placebo controlled trial},
   journal = {BMJ},
   volume = {385},
   pages = {e079061},
   year = {2024}
}

@article{RN5420,
   author = {Wasserstein, RL. and Schirm, AL. and Lazar, NA.},
   title = {Moving to a World Beyond “p < 0.05”},
   journal = {The American Statistician},
   volume = {73},
   pages = {1-19},
   year = {2019},
   type = {Journal Article}
}

@article{RN3836,
   author = {Wasserstein, RL. and Lazar, NA.},
   title = {The ASA's Statement on p-Values: Context, Process, and Purpose},
   journal = {The American Statistician},
   volume = {70:2},
   pages = {129-133},
   year = {2016},
   type = {Journal Article}
}

@article{RN3826,
   author = {Greenland, Sander and Senn, Stephen J. and Rothman, Kenneth J. and Carlin, John B. and Poole, Charles and Goodman, Steven N. and Altman, Douglas G.},
   title = {Statistical tests, P values, confidence intervals, and power: a guide to misinterpretations},
   journal = {European journal of epidemiology},
   volume = {31},
   number = {4},
   pages = {337-350},
   year = {2016},
   type = {Journal Article}
}

@article{RN5721,
   author = {Gelman, A. and Stern, HS.},
   title = {The difference between “significant” and “not significant” is not itself statistically significant},
   year = {2006},
   type = {Journal Article}
}

@misc{RN7045,
   author = {van Zwet, E. and Wi!cek, W. and Gelman, A.},
   number = {accessed Dec 18 2024},
   url = {chrome-extension://efaidnbmnnnibpcajpcglclefindmkaj/https://stat.columbia.edu/~gelman/research/unpublished/Meta_analysis_with_a_single_trial.pdf},
   year = {2024},
   type = {Blog}
}


